<record><leader>00000cas a22000007a 4500</leader><controlfield tag="001">11856310</controlfield><controlfield tag="008">850327d1958196unmuer ne      0    0eng d</controlfield><datafield ind1=" " ind2=" " tag="010"><subfield code="a">sn 93061577 </subfield></datafield><datafield ind1=" " ind2=" " tag="040"><subfield code="a">IQU</subfield><subfield code="b">eng</subfield><subfield code="c">IQU</subfield><subfield code="d">NVM</subfield><subfield code="d">OCLCQ</subfield></datafield><datafield ind1=" " ind2=" " tag="042"><subfield code="a">msc</subfield></datafield><datafield ind1=" " ind2=" " tag="043"><subfield code="a">n-us-nm</subfield></datafield><datafield ind1=" " ind2=" " tag="090"><subfield code="a">AN2</subfield><subfield code="b">.C67</subfield></datafield><datafield ind1="0" ind2="0" tag="245"><subfield code="a">Corrales North Valley news.</subfield></datafield><datafield ind1=" " ind2=" " tag="260"><subfield code="a">Sandoval, N.M. :</subfield><subfield code="b">Coleman and Adeline L. Stout</subfield></datafield><datafield ind1=" " ind2=" " tag="300"><subfield code="a">v.</subfield></datafield><datafield ind1=" " ind2=" " tag="310"><subfield code="a">Biweekly,</subfield><subfield code="b">Apr. 14, 1960-</subfield></datafield><datafield ind1=" " ind2=" " tag="321"><subfield code="a">Biweekly,</subfield><subfield code="b">Nov. 1, 1958-&lt;Dec. 27, 1958&gt;</subfield></datafield><datafield ind1=" " ind2=" " tag="321"><subfield code="a">Weekly,</subfield><subfield code="b">&lt;Jan. 30, 1959&gt;-Mar. 31, 1960</subfield></datafield><datafield ind1="0" ind2=" " tag="362"><subfield code="a">Nov. 1, 1958-</subfield></datafield><datafield ind1=" " ind2="4" tag="651"><subfield code="a">Sandoval (N.M.)</subfield><subfield code="v">Newspapers.</subfield></datafield><datafield ind1=" " ind2="4" tag="651"><subfield code="a">Sandoval County (N.M.)</subfield><subfield code="v">Newspapers.</subfield></datafield><datafield ind1=" " ind2=" " tag="752"><subfield code="a">United States</subfield><subfield code="b">New Mexico</subfield><subfield code="c">Sandoval</subfield><subfield code="d">Sandoval.</subfield></datafield></record>